FUENTES Estado del Arte
@incollection{essaadi2017mde,
  title={MDE-based languages for wireless sensor networks modeling: A systematic mapping study},
  author={Essaadi, Fatima and Maissa, Yann Ben and Dahchour, Mohammed},
  booktitle={Advances in Ubiquitous Networking 2},
  pages={331--346},
  year={2017},
  publisher={Springer}
}

@techreport{bjorklund2010yang,
  title={YANG-a data modeling language for the network configuration protocol (NETCONF)},
  author={Bjorklund, Martin},
  year={2010}
}

@article{higuerametamodelo,
  title={Metamodelo para Configuraciones en Dispositivos de Redes como Est{\'a}ndar Soportado en la Ingenier{\'\i}a Dirigida por Modelos},
  author={Higuera Castro, Gustavo Adolfo and others},
  year={2016},
}

@article{binkert2006m5,
  title={The M5 simulator: Modeling networked systems},
  author={Binkert, Nathan L and Dreslinski, Ronald G and Hsu, Lisa R and Lim, Kevin T and Saidi, Ali G and Reinhardt, Steven K},
  journal={Ieee micro},
  number={4},
  pages={52--60},
  year={2006},
  publisher={IEEE}
}

@inproceedings{tangmunarunkit2002network,
  title={Network topology generators: Degree-based vs. structural},
  author={Tangmunarunkit, Hongsuda and Govindan, Ramesh and Jamin, Sugih and Shenker, Scott and Willinger, Walter},
  booktitle={ACM SIGCOMM Computer Communication Review},
  volume={32},
  number={4},
  pages={147--159},
  year={2002},
  organization={ACM}
}

@misc{solarwinds, 
  title={SolarWinds: Network Topology Mapper}, url={https://www.solarwinds.com/es/network-topology-mapper},
  author={SolarWinds},
  year={2019}
}

@misc{ibmdeploymentdiagrams,
  title={Deployment Diagrams},
  url={https://www.ibm.com/support/knowledgecenter/SS8PJ7_9.5.0/com.ibm.xtools.modeler.doc/topics/cdepd.html},
  author={IBM},
  year={2019}
}

@misc{lanflow,
    title={LanFlow Net Diagrammer for Network Diagramming},
    url={http://www.pacestar.com/lanflow/},
    author={Pacestar},
    year={2019}
}

@misc{networknotepad,
    title={Network Notepad, Interactive Network Diagrams},
    url={http://www.networknotepad.com/index.shtml},
    author={Jason Green},
    year={2019}
}


FUENTES CMS
@misc{cotton2016what, 
  title={What are configuration management tools?}, url={https://opensource.com/business/16/9/what-are-configuration-management-tools}, journal={Opensource.com},
  author={Cotton, Ben},
  year={2016}
}

@misc {chefvspuppet,
  author = "Asaf Yigal",
  title  = "Chef vs. Puppet: Methodologies, Concepts, and Support",
  year   = "2017",
  url    = "https://logz.io/blog/chef-vs-puppet/"
}

@misc {chefoverview,
  author = "Learn Chef",
  title  = "An Overview of Chef",
  year   = "2019",
  url    = "https://docs.chef.io/chef_overview.html"
}

@misc {ansibleoverview,
  author = "Ansible",
  title  = "OVERVIEW - How Ansible Works",
  year   = "2019",
  url    = "https://www.ansible.com/overview/how-ansible-works"
}

@misc {ansiblearchitecture,
  author = "Reshma Ahmed",
  title  = "OVERVIEW - How Ansible Works",
  year   = "2018",
  url    = "https://www.edureka.co/blog/what-is-ansible/"
}

@misc{puppetmarket,
  author={Puppet},
  title={The Forrester Wave™: Configuration Management Software For Infrastructure Automation, Q4 2018},
  url={https://puppet.com/resources/analyst-report/forrester-wave-configuration-management-software-infrastructure},
  year={2018},
}

@misc{cmscost,
    author={UpGuard},
    title={5 Things About Configuration Management Your Boss Needs To Know},
    url={https://www.upguard.com/blog/5-configuration-management-boss},
    year={2018},
}
FUENTES MDE

@inproceedings{kent2002model,
  title={Model driven engineering},
  author={Kent, Stuart},
  booktitle={International Conference on Integrated Formal Methods},
  year={2002},
  organization={Springer}
}

@article{da2015model,
  title={Model-driven engineering: A survey supported by the unified conceptual model},
  author={Da Silva, Alberto Rodrigues},
  journal={Computer Languages, Systems \& Structures},
  volume={43},
  pages={139--155},
  year={2015},
  publisher={Elsevier}
}

@article{brambilla2012model,
  title={Model-driven software engineering in practice},
  author={Brambilla, Marco and Cabot, Jordi and Wimmer, Manuel},
  journal={Synthesis Lectures on Software Engineering},
  volume={1},
  number={1},
  pages={1--182},
  year={2012},
  publisher={Morgan \& Claypool Publishers}
}

@article{mellor2003model,
  title={Model-driven development: guest editors' introduction.},
  author={Mellor, Stephen J and Clark, Tony and Futagami, Takao},
  journal={IEEE software},
  volume={20},
  number={5},
  pages={14--18},
  year={2003},
  publisher={IEEE Computer Society}
}

@article{clark2015applied,
  title={Applied metamodelling: a foundation for language driven development},
  author={Clark, Tony and Sammut, Paul and Willans, James},
  journal={arXiv preprint arXiv:1505.00149},
  year={2015}
}

@article{bezivin2005unification,
  title={On the unification power of models},
  author={B{\'e}zivin, Jean},
  journal={Software \& Systems Modeling},
  volume={4},
  number={2},
  pages={171--188},
  year={2005},
  publisher={Springer}
}

@article{munoz2007desarrollo,
  title={Desarrollo de software dirigido por modelos},
  author={Mu{\~n}oz, Francisco Dur{\'a}n and Castilla, Javier Troya and Moreno, Antonio Vallecillo},
  journal={FUOC. Fundaci{\'o}n para la Universitat Oberta de Catalunya},
  year={2007}
}

@article{pons2010desarrollo,
  title={Desarrollo de software dirigido por modelos},
  author={Pons, Claudia and Giandini, Roxana Silvia and P{\'e}rez, Gabriela},
  year={2010},
  publisher={Editorial de la Universidad Nacional de La Plata (EDULP)/McGraw-Hill Educaci{\'o}n}
}

@online {modellinglanguages2018glossary,
  author = "Modelling Languages",
  title  = "MDE Glossary – Modeling and model-driven engineering terms",
  year   = "2018",
  url    = "https://modeling-languages.com/glossary-modeling-and-model-driven-engineering-terms/"
}

@online {modellinglanguages2018equation,
  author = "Modelling Languages",
  title  = "MDE equation: models + transformations = software",
  year   = "2018",
  url    = "https://modeling-languages.com/models-transformations-software/"
}

@misc {rae2017modelo,
  author = "Real Academia Española",
  title = "Modelo. En Diccionario de la Lengua Española",
  year = "2017",
  url= "http://dle.rae.es/?id=PTk5Wk1"
}

@article{mens2006taxonomy,
  title={A taxonomy of model transformation},
  author={Mens, Tom and Van Gorp, Pieter},
  journal={Electronic Notes in Theoretical Computer Science},
  volume={152},
  pages={125--142},
  year={2006},
  publisher={Elsevier}
}

@book{kleppe2003mda,
  title={MDA explained: the model driven architecture: practice and promise},
  author={Kleppe, Anneke G and Warmer, Jos and Warmer, Jos B and Bast, Wim},
  year={2003},
  publisher={Addison-Wesley Professional}
}

@article{biehl2010literature,
  title={Literature study on model transformations},
  author={Biehl, Matthias},
  journal={Royal Institute of Technology, Tech. Rep. ISRN/KTH/MMK},
  volume={291},
  year={2010}
}

FUENTES UML

@book{rumbaugh2000lenguaje,
  title={El lenguaje unificado de modelado: manual de referencia},
  author={Rumbaugh, James and Booch, Grady and Jacobson, Ivar},
  year={2000},
  publisher={Addison Wesley,}
}
@misc{ambler2018deployment,
  title={UML 2 Deployment Diagrams: An Agile Introduction}, url={http://www.agilemodeling.com/artifacts/deploymentDiagram.htm},
  journal={Agile Modelling},
  year={2018},
  author={Ambler, Scott W.}
}
  
@misc{visualparadigm,
  title={What is Profile Diagram in UML?}, url={https://www.visual-paradigm.com/guide/uml-unified-modeling-language/what-is-profile-digram/},
  year={2018},
  journal={Visual Paradigm},
  author={Visual Paradigm}
}

@misc{deploymentdiagramoverview,
  title={Deployment Diagrams Overview},
  url={https://www.uml-diagrams.org/deployment-diagrams-overview.html},
  year={2018},
  author={UML Diagrams}
}

@misc{umlprofile,
  title={UML Profile},
  url={https://www.uml-diagrams.org/profile.html},
  year={2018},
  author={UML Diagrams}
}

@book{steinberg2008emf,
  title={EMF: eclipse modeling framework},
  author={Steinberg, Dave and Budinsky, Frank and Merks, Ed and Paternostro, Marcelo},
  year={2008},
  publisher={Pearson Education}
}

@misc{papyrus,
  title={Papyrus Modelling Environment},
  url={https://www.eclipse.org/papyrus/},
  author={Eclipse Foundation},
  year={2019},
}

@misc{acceleo,
  title={Acceleo},
  url={https://www.eclipse.org/acceleo/overview.html},
  author={Eclipse Foundation},
  year={2019},
}

@misc{atl,
  title={ATL - a model transformation technology},
  url={https://www.eclipse.org/atl/},
  author={Eclipse Foundation},
  year={2019},
}

@misc{atloverview,
  title={ATL/User Guide - Overview of the ATL Language},
  url={https://wiki.eclipse.org/ATL/User_Guide_-_Overview_of_the_ATL_Language},
  author={Eclipse Foundation},
  year={2019},
}

@misc{UML,
  title={UML},
  url={https://www.omg.org/spec/UML/2.5/About-UML/},
  author={Object Management Group OMG},
  year={2015}
}

@misc{puppet_psql,
  title={Puppet - Postgresql},
  url={https://forge.puppet.com/puppetlabs/postgresql},
  author={Puppet},
  year={2019}
}

@misc{mof_model2text,
  title={MOF Model to Text Transformation Language, v1.0},
  url={https://www.omg.org/spec/MOFM2T/1.0/PDF},
  author={Object Management Group},
  year={2018}
}